%\usepackage{lmodern}
%@STRING{apj = "\apj"}

<<<<<<<<<<<<<<<<<<<ARTICLES>>>>>>>>>>>>>>>>>>>>>>>>>>
------------------------------(BCS)-------------------------------
@article{BCS,
  title = {Theory of Superconductivity},
  author = {Bardeen, J. and Cooper, L. N. and Schrieffer, J. R.},
  journal = {Phys. Rev.},
  volume = {108},
  issue = {5},
  pages = {1175--1204},
  numpages = {0},
  year = {1957},
  month = {Dec},
  publisher = {American Physical Society},
  doi = {10.1103/PhysRev.108.1175},
  url = {https://link.aps.org/doi/10.1103/PhysRev.108.1175}
}

@article{wehlingetal,
author = {T.O. Wehling and A.M. Black-Schaffer and A.V. Balatsky},
title = {Dirac materials},
journal = {Advances in Physics},
volume = {63},
number = {1},
pages = {1-76},
year  = {2014},
publisher = {Taylor & Francis},
doi = {10.1080/00018732.2014.927109},

URL = { 
        http://dx.doi.org/10.1080/00018732.2014.927109
    
},
eprint = { 
        http://dx.doi.org/10.1080/00018732.2014.927109
    
}

}
------------------------------(Zhang et al)-------------------------------
@article{Zhangetal,
	author = {Zhang, L. Z. and Wang, Z. F. and Huang, B. and Cui, B. and Wang, Zhiming and Du, S. X. and Gao, H.-J. and Liu, Feng},
	title = {Intrinsic Two-Dimensional Organic Topological Insulators in Metal–Dicyanoanthracene Lattices},
	journal = {Nano Letters},
	volume = {16},
	number = {3},
	pages = {2072-2075},
	year = {2016},
	doi = {10.1021/acs.nanolett.6b00110},
	note ={PMID: 26866565},
	URL = {http://dx.doi.org/10.1021/acs.nanolett.6b00110},
	eprint = {http://dx.doi.org/10.1021/acs.nanolett.6b00110}
}

@article{kouetal,
	author = {Kou, Liangzhi and Ma, Yandong and Sun, Ziqi and Heine, Thomas and Chen, Changfeng},
	title = {Two-Dimensional Topological Insulators: Progress and Prospects},
	journal = {The Journal of Physical Chemistry Letters},
	volume = {8},
	number = {8},
	pages = {1905-1919},
	year = {2017},
	doi = {10.1021/acs.jpclett.7b00222},
    	note ={PMID: 28394616},
	URL = {http://dx.doi.org/10.1021/acs.jpclett.7b00222},
	eprint = {http://dx.doi.org/10.1021/acs.jpclett.7b00222}
}

@article{haldanemag,
  title = {Nonlinear Field Theory of Large-Spin Heisenberg Antiferromagnets: Semiclassically Quantized Solitons of the One-Dimensional Easy-Axis N\'eel State},
  author = {Haldane, F. D. M.},
  journal = {Phys. Rev. Lett.},
  volume = {50},
  issue = {15},
  pages = {1153--1156},
  numpages = {0},
  year = {1983},
  month = {Apr},
  publisher = {American Physical Society},
  doi = {10.1103/PhysRevLett.50.1153},
  url = {https://link.aps.org/doi/10.1103/PhysRevLett.50.1153}
}

@ARTICLE{kosterlitz,
   author = {{Kosterlitz}, J.~M.},
    title = "{The critical properties of the two-dimensional xy model}",
  journal = {Journal of Physics C Solid State Physics},
     year = 1974,
    month = mar,
   volume = 7,
    pages = {1046-1060},
      doi = {10.1088/0022-3719/7/6/005},
   adsurl = {http://adsabs.harvard.edu/abs/1974JPhC....7.1046K},
  adsnote = {Provided by the SAO/NASA Astrophysics Data System}
}

@ARTICLE{kos_thou,
   author = {{Kosterlitz}, J.~M. and {Thouless}, D.~J.},
    title = "{Ordering, metastability and phase transitions in two-dimensional systems}",
  journal = {Journal of Physics C Solid State Physics},
     year = 1973,
    month = apr,
   volume = 6,
    pages = {1181-1203},
      doi = {10.1088/0022-3719/6/7/010},
   adsurl = {http://adsabs.harvard.edu/abs/1973JPhC....6.1181K},
  adsnote = {Provided by the SAO/NASA Astrophysics Data System}
}

@ARTICLE{kosterlitz_thouless,
   author = {{Kosterlitz}, J.~M. and {Thouless}, D.~J.},
    title = "{Long range order and metastability in two dimensional solids and superfluids. (Application of dislocation theory)}",
  journal = {Journal of Physics C Solid State Physics},
     year = 1972,
    month = jun,
   volume = 5,
    pages = {L124-L126},
      doi = {10.1088/0022-3719/5/11/002},
   adsurl = {http://adsabs.harvard.edu/abs/1972JPhC....5L.124K},
  adsnote = {Provided by the SAO/NASA Astrophysics Data System}
}

@article{Thouless_etal,
  title = {Quantized Hall Conductance in a Two-Dimensional Periodic Potential},
  author = {Thouless, D. J. and Kohmoto, M. and Nightingale, M. P. and den Nijs, M.},
  journal = {Phys. Rev. Lett.},
  volume = {49},
  issue = {6},
  pages = {405--408},
  numpages = {0},
  year = {1982},
  month = {Aug},
  publisher = {American Physical Society},
  doi = {10.1103/PhysRevLett.49.405},
  url = {https://link.aps.org/doi/10.1103/PhysRevLett.49.405}
}

@article{chiuetal,
  	title = {Classification of topological quantum matter with symmetries},
  	author = {Chiu, Ching-Kai and Teo, Jeffrey C. Y. and Schnyder, Andreas P. and Ryu, Shinsei},
  	journal = {Rev. Mod. Phys.},
  	volume = {88},
  	issue = {3},
  	pages = {035005},
  	numpages = {63},
  	year = {2016},
  	month = {Aug},
  	publisher = {American Physical Society},
  	doi = {10.1103/RevModPhys.88.035005},
  	url = {https://link.aps.org/doi/10.1103/RevModPhys.88.035005}
}

@ARTICLE{andofu,
   	author = {{Ando}, Y. and {Fu}, L.},
    	title = "{Topological Crystalline Insulators and Topological Superconductors: From Concepts to Materials}",
  	journal = {Annual Review of Condensed Matter Physics},
	archivePrefix = "arXiv",
   	eprint = {1501.00531},
 	primaryClass = "cond-mat.mtrl-sci",
     	year = 2015,
    	month = mar,
   	volume = 6,
    	pages = {361-381},
      	doi = {10.1146/annurev-conmatphys-031214-014501},
   	adsurl = {http://adsabs.harvard.edu/abs/2015ARCMP...6..361A},
  	adsnote = {Provided by the SAO/NASA Astrophysics Data System}
}

@ARTICLE{ando,
   	author = {{Ando}, Y.},
    	title = "{Topological Insulator Materials}",
  	journal = {Journal of the Physical Society of Japan},
	archivePrefix = "arXiv",
   	eprint = {1304.5693},
 	primaryClass = "cond-mat.mtrl-sci",
     	year = 2013,
    	month = oct,
   	volume = 82,
   	number = 10,
    	pages = {102001-102001},
      	doi = {10.7566/JPSJ.82.102001},
   	adsurl = {http://adsabs.harvard.edu/abs/2013JPSJ...82j2001A},
  	adsnote = {Provided by the SAO/NASA Astrophysics Data System}
}

@ARTICLE{dzeroetal,
   	author = {{Dzero}, M. and {Xia}, J. and {Galitski}, V. and {Coleman}, P.},
   	title = "{Topological Kondo Insulators}",
  	journal = {Annual Review of Condensed Matter Physics},
	archivePrefix = "arXiv",
   	eprint = {1506.05635},
 	primaryClass = "cond-mat.str-el",
     	year = 2016,
    	month = mar,
   	volume = 7,
    	pages = {249-280},
      	doi = {10.1146/annurev-conmatphys-031214-014749},
   	adsurl = {http://adsabs.harvard.edu/abs/2016ARCMP...7..249D},
  	adsnote = {Provided by the SAO/NASA Astrophysics Data System}
}

@article{wangz,
	author = {Wang, Z. F. and Jin, Kyung-Hwan and Liu, Feng},	
	title = {Computational design of two-dimensional topological materials},
	journal = {Wiley Interdisciplinary Reviews: Computational Molecular Science},
	volume = {7},
	number = {4},
	publisher = {Wiley Periodicals, Inc.},
	issn = {1759-0884},
	url = {http://dx.doi.org/10.1002/wcms.1304},
	doi = {10.1002/wcms.1304},
	pages = {e1304--n/a},
	year = {2017},
	note = {e1304}
}

@ARTICLE{wangetal,
   author = {{Wang}, J. and {Wen}, X.-G. and {Yau}, S.-T.},
    title = "{Quantum Statistics and Spacetime Surgery}",
  journal = {ArXiv e-prints},
archivePrefix = "arXiv",
   eprint = {1602.05951},
 primaryClass = "cond-mat.str-el",
 keywords = {Condensed Matter - Strongly Correlated Electrons, High Energy Physics - Theory, Mathematics - Geometric Topology},
     year = 2016,
    month = feb,
   adsurl = {http://adsabs.harvard.edu/abs/2016arXiv160205951W},
  adsnote = {Provided by the SAO/NASA Astrophysics Data System}
}

@ARTICLE{Getal,
   author = {{Geilhufe}, R.~M. and {Bouhon}, A. and {Borysov}, S.~S. and 
	{Balatsky}, A.~V.},
    title = "{Three-dimensional organic Dirac-line materials due to nonsymmorphic symmetry: A data mining approach}",
  journal = {Phys. Rev. Let. B},
archivePrefix = "arXiv",
   eprint = {1610.07815},
 primaryClass = "cond-mat.mtrl-sci",
     year = 2017,
    month = jan,
   volume = 95,
   number = 4,
      eid = {041103},
    pages = {041103},
      doi = {10.1103/PhysRevB.95.041103},
   adsurl = {http://adsabs.harvard.edu/abs/2017PhRvB..95d1103G},
  adsnote = {Provided by the SAO/NASA Astrophysics Data System}
}

@ARTICLE{Getalarxiv,
   author = {{Geilhufe}, R.~M. and {Borysov}, S.~S. and {Bouhon}, A. and 
	{Balatsky}, A.~V.},
    title = "{Data Mining for Three-Dimensional Organic Dirac Materials: Focus on Space Group 19}",
  journal = {ArXiv e-prints},
archivePrefix = "arXiv",
   eprint = {1611.04316},
 primaryClass = "cond-mat.mtrl-sci",
 keywords = {Condensed Matter - Materials Science},
     year = 2016,
    month = nov,
   adsurl = {http://adsabs.harvard.edu/abs/2016arXiv161104316G},
  adsnote = {Provided by the SAO/NASA Astrophysics Data System}
}

@ARTICLE{haldane_nobel,
   author = {{Haldane}, F.~D.~M.},
    title = "{Nobel Lecture: Topological quantum matter*}",
  journal = {Reviews of Modern Physics},
     year = 2017,
    month = oct,
   volume = 89,
   number = 4,
      eid = {040502},
    pages = {040502},
      doi = {10.1103/RevModPhys.89.040502},
   adsurl = {http://adsabs.harvard.edu/abs/2017RvMP...89d0502H},
  adsnote = {Provided by the SAO/NASA Astrophysics Data System}
}

@article{klitzing_etal,
  title = {New Method for High-Accuracy Determination of the Fine-Structure Constant Based on Quantized Hall Resistance},
  author = {Klitzing, K. v. and Dorda, G. and Pepper, M.},
  journal = {Phys. Rev. Lett.},
  volume = {45},
  issue = {6},
  pages = {494--497},
  numpages = {0},
  year = {1980},
  month = {Aug},
  publisher = {American Physical Society},
  doi = {10.1103/PhysRevLett.45.494},
  url = {https://link.aps.org/doi/10.1103/PhysRevLett.45.494}
}

@ARTICLE{zhang_etal,
   author = {{Zhang}, T. and {Jiang}, Y. and {Song}, Z. and {Huang}, H. and 
	{He}, Y. and {Fang}, Z. and {Weng}, H. and {Fang}, C.},
    title = "{Catalogue of Topological Electronic Materials}",
  journal = {ArXiv e-prints},
archivePrefix = "arXiv",
   eprint = {1807.08756},
 primaryClass = "cond-mat.mtrl-sci",
 keywords = {Condensed Matter - Materials Science, Condensed Matter - Mesoscale and Nanoscale Physics},
     year = 2018,
    month = jul,
   adsurl = {http://adsabs.harvard.edu/abs/2018arXiv180708756Z},
  adsnote = {Provided by the SAO/NASA Astrophysics Data System}
}

@ARTICLE{verg_etal,
   author = {{Vergniory}, M.~G. and {Elcoro}, L. and {Felser}, C. and {Bernevig}, B.~A. and 
	{Wang}, Z.},
    title = "{The (High Quality) Topological Materials In The World}",
  journal = {ArXiv e-prints},
archivePrefix = "arXiv",
   eprint = {1807.10271},
 primaryClass = "cond-mat.mtrl-sci",
 keywords = {Condensed Matter - Materials Science},
     year = 2018,
    month = jul,
   adsurl = {http://adsabs.harvard.edu/abs/2018arXiv180710271V},
  adsnote = {Provided by the SAO/NASA Astrophysics Data System}
}

@ARTICLE{rechtsman,
   author = {{Rechtsman}, M.~C. and {Zeuner}, J.~M. and {Plotnik}, Y. and 
	{Lumer}, Y. and {Podolsky}, D. and {Dreisow}, F. and {Nolte}, S. and 
	{Segev}, M. and {Szameit}, A.},
    title = "{Photonic Floquet topological insulators}",
  journal = {Nature},
archivePrefix = "arXiv",
   eprint = {1212.3146},
 primaryClass = "physics-optics",
     year = 2013,
    month = apr,
   volume = 496,
    pages = {196-200},
      doi = {10.1038/nature12066},
   adsurl = {http://adsabs.harvard.edu/abs/2013Natur.496..196R},
  adsnote = {Provided by the SAO/NASA Astrophysics Data System}
}

@ARTICLE{tang_etal,
   author = {{Tang}, F. and {Po}, H.~C. and {Vishwanath}, A. and {Wan}, X.
	},
    title = "{Towards ideal topological materials: Comprehensive database searches using symmetry indicators}",
  journal = {ArXiv e-prints},
archivePrefix = "arXiv",
   eprint = {1807.09744},
 primaryClass = "cond-mat.mes-hall",
 keywords = {Condensed Matter - Mesoscale and Nanoscale Physics, Condensed Matter - Materials Science},
     year = 2018,
    month = jul,
   adsurl = {http://adsabs.harvard.edu/abs/2018arXiv180709744T},
  adsnote = {Provided by the SAO/NASA Astrophysics Data System}
}

@article{kou_etal,
	author = {Kou, Liangzhi and Ma, Yandong and Sun, Ziqi and Heine, Thomas and Chen, Changfeng},
	title = {Two-Dimensional Topological Insulators: Progress and Prospects},
	journal = {The Journal of Physical Chemistry Letters},
	volume = {8},
	number = {8},
	pages = {1905-1919},
	year = {2017},
	doi = {10.1021/acs.jpclett.7b00222},
	note ={PMID: 28394616},
	URL = {https://doi.org/10.1021/acs.jpclett.7b00222},
	eprint = {https://doi.org/10.1021/acs.jpclett.7b00222}
}

@article{yan_zhang,
  author={Binghai Yan and Shou-Cheng Zhang},
  title={Topological materials},
  journal={Reports on Progress in Physics},
  volume={75},
  number={9},
  pages={096501},
  url={http://stacks.iop.org/0034-4885/75/i=9/a=096501},
  year={2012},
  abstract={Recently, topological insulator materials have been theoretically predicted and experimentally observed in both 2D and 3D systems. We first review the basic models and physical properties of 		    topological insulators, using HgTe and Bi 2 Se 3 as prime examples. We then give a comprehensive survey of topological insulators which have been predicted so far, and discuss the current      experimental status.}
}

@article{ando,
	author = {Ando ,Yoichi},
	title = {Topological Insulator Materials},
	journal = {Journal of the Physical Society of Japan},
	volume = {82},
	number = {10},
	pages = {102001},
	year = {2013},
	doi = {10.7566/JPSJ.82.102001},
	URL = {https://doi.org/10.7566/JPSJ.82.102001},
	eprint = {https://doi.org/10.7566/JPSJ.82.102001}
}

@article{haldane,
title = "Continuum dynamics of the 1-D Heisenberg antiferromagnet: Identification with the O(3) nonlinear sigma model",
journal = "Physics Letters A",
volume = "93",
number = "9",
pages = "464 - 468",
year = "1983",
issn = "0375-9601",
doi = "https://doi.org/10.1016/0375-9601(83)90631-X",
url = "http://www.sciencedirect.com/science/article/pii/037596018390631X",
author = "F.D.M. Haldane"
}

@ARTICLE{rechtsman_etal,
   author = {{Rechtsman}, M.~C. and {Plotnik}, Y. and {Zeuner}, J.~M. and 
	{Song}, D. and {Chen}, Z. and {Szameit}, A. and {Segev}, M.},
    title = "{Topological Creation and Destruction of Edge States in Photonic Graphene}",
  journal = {Physical Review Letters},
archivePrefix = "arXiv",
   eprint = {1211.5683},
 primaryClass = "cond-mat.mes-hall",
 keywords = {Waveguides couplers and arrays, Multilayers, superlattices},
     year = 2013,
    month = sep,
   volume = 111,
   number = 10,
      eid = {103901},
    pages = {103901},
      doi = {10.1103/PhysRevLett.111.103901},
   adsurl = {http://adsabs.harvard.edu/abs/2013PhRvL.111j3901R},
  adsnote = {Provided by the SAO/NASA Astrophysics Data System}
}

@ARTICLE{lustig_etal,
   author = {{Lustig}, E. and {Weimann}, S. and {Plotnik}, Y. and {Lumer}, Y. and 
	{Bandres}, M.~A. and {Szameit}, A. and {Segev}, M.},
    title = "{Photonic Topological Insulator in Synthetic Dimensions}",
  journal = {ArXiv e-prints},
archivePrefix = "arXiv",
   eprint = {1807.01983},
 primaryClass = "physics.optics",
 keywords = {Physics - Optics},
     year = 2018,
    month = jul,
   adsurl = {http://adsabs.harvard.edu/abs/2018arXiv180701983L},
  adsnote = {Provided by the SAO/NASA Astrophysics Data System}
}

@article{lumer_etal,
  title = {Self-Localized States in Photonic Topological Insulators},
  author = {Lumer, Yaakov and Plotnik, Yonatan and Rechtsman, Mikael C. and Segev, Mordechai},
  journal = {Phys. Rev. Lett.},
  volume = {111},
  issue = {24},
  pages = {243905},
  numpages = {5},
  year = {2013},
  month = {Dec},
  publisher = {American Physical Society},
  doi = {10.1103/PhysRevLett.111.243905},
  url = {https://link.aps.org/doi/10.1103/PhysRevLett.111.243905}
}

<<<<<<<<<<<<<<<<<<<<<<TALKS>>>>>>>>>>>>>>>>>>>>>>>>>>

@inproceedings{aloz,
    author  = "Ariel Lozano",
    title   = "Computational materials modelling using density functional theory: reactivity of metallic surfaces",
    year    = "2015"
}

@PHDTHESIS{wangthesis,
   author = {{Wang}, J.~C.},
    title = "{Aspects of Symmetry, Topology and Anomalies in Quantum Matter}",
  journal = {ArXiv e-prints},
archivePrefix = "arXiv",
   eprint = {1602.05569},
 primaryClass = "cond-mat.str-el",
 keywords = {Condensed Matter - Strongly Correlated Electrons, High Energy Physics - Theory, Quantum Physics},
     year = 2016,
    month = feb,
   adsurl = {http://adsabs.harvard.edu/abs/2016arXiv160205569W},
  adsnote = {Provided by the SAO/NASA Astrophysics Data System}
}

@Online{mcfarland,
 author = {Matt, McFarland},
 year = {2018},
 title = {China bet big on quantum computing. Now the US races to keep up.},
 journal = {CNN},
 url = {https://edition.cnn.com/2018/09/30/tech/quantum-computing-china/index.html},
 urldate = {2018-09-14}
}
@ARTICLE{haldane_nobel,
   author = {{Haldane}, F.~D.~M.},
    title = "{Nobel Lecture: Topological quantum matter*}",
  journal = {Reviews of Modern Physics},
     year = 2017,
    month = oct,
   volume = 89,
   number = 4,
      eid = {040502},
    pages = {040502},
      doi = {10.1103/RevModPhys.89.040502},
   adsurl = {http://adsabs.harvard.edu/abs/2017RvMP...89d0502H},
  adsnote = {Provided by the SAO/NASA Astrophysics Data System}
}

@article{klitzing_etal,
  title = {New Method for High-Accuracy Determination of the Fine-Structure Constant Based on Quantized Hall Resistance},
  author = {Klitzing, K. v. and Dorda, G. and Pepper, M.},
  journal = {Phys. Rev. Lett.},
  volume = {45},
  issue = {6},
  pages = {494--497},
  numpages = {0},
  year = {1980},
  month = {Aug},
  publisher = {American Physical Society},
  doi = {10.1103/PhysRevLett.45.494},
  url = {https://link.aps.org/doi/10.1103/PhysRevLett.45.494}
}

@ARTICLE{zhang_etal,
   author = {{Zhang}, T. and {Jiang}, Y. and {Song}, Z. and {Huang}, H. and 
	{He}, Y. and {Fang}, Z. and {Weng}, H. and {Fang}, C.},
    title = "{Catalogue of Topological Electronic Materials}",
  journal = {ArXiv e-prints},
archivePrefix = "arXiv",
   eprint = {1807.08756},
 primaryClass = "cond-mat.mtrl-sci",
 keywords = {Condensed Matter - Materials Science, Condensed Matter - Mesoscale and Nanoscale Physics},
     year = 2018,
    month = jul,
   adsurl = {http://adsabs.harvard.edu/abs/2018arXiv180708756Z},
  adsnote = {Provided by the SAO/NASA Astrophysics Data System}
}

@ARTICLE{verg_etal,
   author = {{Vergniory}, M.~G. and {Elcoro}, L. and {Felser}, C. and {Bernevig}, B.~A. and 
	{Wang}, Z.},
    title = "{The (High Quality) Topological Materials In The World}",
  journal = {ArXiv e-prints},
archivePrefix = "arXiv",
   eprint = {1807.10271},
 primaryClass = "cond-mat.mtrl-sci",
 keywords = {Condensed Matter - Materials Science},
     year = 2018,
    month = jul,
   adsurl = {http://adsabs.harvard.edu/abs/2018arXiv180710271V},
  adsnote = {Provided by the SAO/NASA Astrophysics Data System}
}

@ARTICLE{tang_etal,
   author = {{Tang}, F. and {Po}, H.~C. and {Vishwanath}, A. and {Wan}, X.
	},
    title = "{Towards ideal topological materials: Comprehensive database searches using symmetry indicators}",
  journal = {ArXiv e-prints},
archivePrefix = "arXiv",
   eprint = {1807.09744},
 primaryClass = "cond-mat.mes-hall",
 keywords = {Condensed Matter - Mesoscale and Nanoscale Physics, Condensed Matter - Materials Science},
     year = 2018,
    month = jul,
   adsurl = {http://adsabs.harvard.edu/abs/2018arXiv180709744T},
  adsnote = {Provided by the SAO/NASA Astrophysics Data System}
}

@article{kou_etal,
	author = {Kou, Liangzhi and Ma, Yandong and Sun, Ziqi and Heine, Thomas and Chen, Changfeng},
	title = {Two-Dimensional Topological Insulators: Progress and Prospects},
	journal = {The Journal of Physical Chemistry Letters},
	volume = {8},
	number = {8},
	pages = {1905-1919},
	year = {2017},
	doi = {10.1021/acs.jpclett.7b00222},
	note ={PMID: 28394616},
	URL = {https://doi.org/10.1021/acs.jpclett.7b00222},
	eprint = {https://doi.org/10.1021/acs.jpclett.7b00222}
}

@article{yan_zhang,
  author={Binghai Yan and Shou-Cheng Zhang},
  title={Topological materials},
  journal={Reports on Progress in Physics},
  volume={75},
  number={9},
  pages={096501},
  url={http://stacks.iop.org/0034-4885/75/i=9/a=096501},
  year={2012},
  abstract={Recently, topological insulator materials have been theoretically predicted and experimentally observed in both 2D and 3D systems. We first review the basic models and physical properties of 		    topological insulators, using HgTe and Bi 2 Se 3 as prime examples. We then give a comprehensive survey of topological insulators which have been predicted so far, and discuss the current      experimental status.}
}

@article{ando,
	author = {Ando ,Yoichi},
	title = {Topological Insulator Materials},
	journal = {Journal of the Physical Society of Japan},
	volume = {82},
	number = {10},
	pages = {102001},
	year = {2013},
	doi = {10.7566/JPSJ.82.102001},
	URL = {https://doi.org/10.7566/JPSJ.82.102001},
	eprint = {https://doi.org/10.7566/JPSJ.82.102001}
}

@article{joseph_etal,
  title = {Topological Quantization in Units of the Fine Structure Constant},
  author = {Maciejko, Joseph and Qi, Xiao-Liang and Drew, H. Dennis and Zhang, Shou-Cheng},
  journal = {Phys. Rev. Lett.},
  volume = {105},
  issue = {16},
  pages = {166803},
  numpages = {4},
  year = {2010},
  month = {Oct},
  publisher = {American Physical Society},
  doi = {10.1103/PhysRevLett.105.166803},
  url = {https://link.aps.org/doi/10.1103/PhysRevLett.105.166803}
}
